@book{woodruff2016concise,
  title={A Concise History of the Modern World: 1500 to the Present: a Guide to World Affairs},
  author={Woodruff, William},
  year={2016},
  publisher={Springer}
}
